<record><leader>00000cas a22000007a 4500</leader><controlfield tag="001">24060511</controlfield><controlfield tag="008">910712d19241951njuwr ne      0    0eng d</controlfield><datafield ind1=" " ind2=" " tag="010"><subfield code="a">sn 91064017 </subfield></datafield><datafield ind1=" " ind2=" " tag="040"><subfield code="a">NJW</subfield><subfield code="b">eng</subfield><subfield code="c">NJW</subfield><subfield code="d">OCL</subfield><subfield code="d">OCLCQ</subfield></datafield><datafield ind1="0" ind2="0" tag="245"><subfield code="a">Carlstadt free press.</subfield></datafield><datafield ind1=" " ind2=" " tag="260"><subfield code="a">Carlstadt, N.J. :</subfield><subfield code="b">Alfred N. Mayer</subfield></datafield><datafield ind1=" " ind2=" " tag="300"><subfield code="a">v.</subfield></datafield><datafield ind1=" " ind2=" " tag="310"><subfield code="a">Weekly</subfield></datafield><datafield ind1="1" ind2=" " tag="362"><subfield code="a">Began in 1924?</subfield></datafield><datafield ind1="0" ind2=" " tag="362"><subfield code="a">-77th year, whole no. 4934 (Jan. 26, 1951).</subfield></datafield><datafield ind1=" " ind2=" " tag="752"><subfield code="a">United States</subfield><subfield code="b">New Jersey</subfield><subfield code="c">Bergen</subfield><subfield code="d">Carlstadt.</subfield></datafield><datafield ind1=" " ind2=" " tag="752"><subfield code="a">United States</subfield><subfield code="b">New Jersey</subfield><subfield code="c">Bergen</subfield><subfield code="d">East Rutherford.</subfield></datafield><datafield ind1=" " ind2=" " tag="752"><subfield code="a">United States</subfield><subfield code="b">New Jersey</subfield><subfield code="c">Bergen</subfield><subfield code="d">Wood-Ridge.</subfield></datafield><datafield ind1=" " ind2=" " tag="752"><subfield code="a">United States</subfield><subfield code="b">New Jersey</subfield><subfield code="c">Bergen</subfield><subfield code="d">Wallington.</subfield></datafield><datafield ind1="0" ind2="0" tag="780"><subfield code="t">Carlstadt freie presse</subfield><subfield code="w">(DLC)sn 84038690</subfield><subfield code="w">(OCoLC)11450082</subfield></datafield><datafield ind1="0" ind2="7" tag="785"><subfield code="t">East Rutherford leader</subfield><subfield code="w">(DLC)sn 91064015</subfield><subfield code="w">(OCoLC)24057308</subfield></datafield><datafield ind1="0" ind2="7" tag="785"><subfield code="t">Leader-free press</subfield><subfield code="w">(DLC)sn 91064016</subfield><subfield code="w">(OCoLC)24057481</subfield></datafield></record>